@article{Albert2018,
  title = {Age-Dependent Leaf Physiology and Consequences for Crown-Scale Carbon Uptake during the Dry Season in an {{Amazon}} Evergreen Forest},
  author = {Albert, Loren P. and Wu, Jin and Prohaska, Neill and family=Camargo, given=Plinio Barbosa, prefix=de, useprefix=false and Huxman, Travis E. and Tribuzy, Edgard S. and Ivanov, Valeriy Y. and Oliveira, Rafael S. and Garcia, Sabrina and Smith, Marielle N. and Junior, Raimundo Cosme Oliveira and Restrepo‐Coupe, Natalia and family=Silva, given=Rodrigo, prefix=da, useprefix=false and Stark, Scott C. and Martins, Giordane A. and Penha, Deliane V. and Saleska, Scott R.},
  date = {2018},
  journaltitle = {New Phytologist},
  volume = {219},
  number = {3},
  pages = {870--884},
  issn = {1469-8137},
  doi = {10.1111/nph.15056},
  url = {https://nph.onlinelibrary.wiley.com/doi/abs/10.1111/nph.15056},
  urldate = {2019-01-11},
  langid = {english},
  keywords = {drought,dry season green-up,leaf ontogeny,phenology,photosynthesis,scaling,tropical forests}
}

@unpublished{Alvarez2014,
  title = {Bayesian Inference for a Covariance Matrix},
  author = {Alvarez, Ignacio and Niemi, Jarad and Simpson, Matt},
  date = {2014-07},
  eprint = {1408.4050v2},
  eprinttype = {arxiv},
  pages = {1--12},
  issn = {0090-5364},
  doi = {10.1214/aos/1176348885},
  url = {http://arxiv.org/abs/1408.4050}
}

@article{Aranda2004,
  title = {Anatomical Basis of the Change in Leaf Mass per Area and Nitrogen Investment with Relative Irradiance within the Canopy of Eight Temperate Tree Species},
  author = {Aranda, I. and Pardo, F. and Gil, L. and Pardos, J. A.},
  date = {2004-05},
  journaltitle = {Acta Oecologica},
  volume = {25},
  number = {3},
  eprint = {3771},
  eprinttype = {pmid},
  pages = {187--195},
  issn = {1146609X},
  doi = {10.1016/j.actao.2004.01.003},
  url = {http://linkinghub.elsevier.com/retrieve/pii/S1146609X04000050},
  isbn = {1146-609X},
  keywords = {Anatomy,Broad-leaved species,Leaf mass per area,Nitrogen content}
}

@article{Betancourt2016,
  title = {Diagnosing {{Suboptimal Cotangent Disintegrations}} in {{Hamiltonian Monte Carlo}}},
  author = {Betancourt, Michael},
  date = {2016-04-03},
  journaltitle = {arXiv},
  eprint = {1604.00695},
  eprinttype = {arxiv},
  doi = {10.48550/arXiv.1604.00695},
  url = {http://arxiv.org/abs/1604.00695},
  urldate = {2018-02-08}
}

@book{Bishop2006,
  title = {Pattern {{Recognition}} and {{Machine Learning}}},
  author = {Bishop, Christopher M},
  date = {2006},
  publisher = {{Springer}},
  location = {{New York}},
  isbn = {978-0-387-31073-2},
  keywords = {\#nosource,01624 101 springer book shelf ai learn data patter}
}

@article{Blonder2011,
  title = {Venation Networks and the Origin of the Leaf Economics Spectrum},
  author = {Blonder, Benjamin and Violle, Cyrille and Bentley, Lisa Patrick and Enquist, Brian J.},
  date = {2011},
  journaltitle = {Ecology Letters},
  volume = {14},
  number = {2},
  eprint = {21073643},
  eprinttype = {pmid},
  pages = {91--100},
  publisher = {{Wiley Online Library}},
  issn = {1461023X},
  doi = {10.1111/j.1461-0248.2010.01554.x},
  url = {http://dx.doi.org/10.1111/j.1461-0248.2010.01554.x},
  isbn = {1461-0248 (Electronic) 1461-023X (Linking)},
  keywords = {Functional trait,Leaf life span,Leaf nitrogen content,LMA,Loopiness,Photosynthesis,Physiological tradeoff,Vein density,Vein distance,Venation network}
}

@article{Bonan2002,
  title = {Landscapes as Patches of Plant Functional Types: {{An}} Integrating Concept for Climate and Ecosystem Models},
  author = {Bonan, Gordon B. and Levis, Samuel and Kergoat, Laurent and Oleson, Keith W.},
  date = {2002},
  journaltitle = {Global Biogeochemical Cycles},
  volume = {16},
  number = {2},
  eprint = {78},
  eprinttype = {pmid},
  pages = {5-1-5-23},
  publisher = {{Wiley Online Library}},
  issn = {08866236},
  doi = {10.1029/2000GB001360},
  url = {http://doi.wiley.com/10.1029/2000GB001360},
  isbn = {0886-6236}
}

@book{Burnham2002,
  title = {Model {{Selection}} and {{Multimodel Inference}}: {{A Practical Information-Theoretic Approach}}},
  shorttitle = {Model {{Selection}} and {{Multimodel Inference}}},
  author = {Burnham, Kenneth P. and Anderson, David R.},
  date = {2002},
  edition = {2},
  publisher = {{Springer-Verlag}},
  location = {{New York}},
  doi = {10.1007/b97636},
  url = {https://www.springer.com/gp/book/9780387953649},
  urldate = {2020-07-30},
  isbn = {978-0-387-95364-9},
  langid = {english}
}

@article{Carpenter2017,
  title = {Stan : {{A Probabilistic Programming Language}}},
  author = {Carpenter, Bob and Gelman, Andrew and Hoffman, Matthew D. and Lee, Daniel and Goodrich, Ben and Betancourt, Michael and Brubaker, Marcus and Guo, Jiqiang and Li, Peter and Riddell, Allen},
  date = {2017-01-11},
  journaltitle = {Journal of Statistical Software},
  volume = {76},
  number = {1},
  pages = {1--32},
  issn = {1548-7660},
  doi = {10.18637/jss.v076.i01},
  url = {http://www.jstatsoft.org/v76/i01/},
  urldate = {2018-01-22},
  keywords = {\#nosource}
}

@article{Chen2014,
  title = {Species-Independent down-Regulation of Leaf Photosynthesis and Respiration in Response to Shading: {{Evidence}} from Six Temperate Tree Species},
  author = {Chen, Anping and Lichstein, Jeremy W. and Osnas, Jeanne L.D. and Pacala, Stephen W.},
  date = {2014},
  journaltitle = {PLoS ONE},
  volume = {9},
  number = {4},
  eprint = {24727745},
  eprinttype = {pmid},
  issn = {19326203},
  doi = {10.1371/journal.pone.0091798},
  url = {http://dx.doi.org/10.1371/journal.pone.0091798}
}

@article{Damian2020,
  title = {Natural Selection Acting on Integrated Phenotypes: Covariance among Functional Leaf Traits Increases Plant Fitness},
  shorttitle = {Natural Selection Acting on Integrated Phenotypes},
  author = {Damián, Xóchitl and Ochoa‐López, Sofía and Gaxiola, Aurora and Fornoni, Juan and Domínguez, César A. and Boege, Karina},
  date = {2020},
  journaltitle = {New Phytologist},
  volume = {225},
  number = {1},
  pages = {546--557},
  issn = {1469-8137},
  doi = {10.1111/nph.16116},
  url = {https://nph.onlinelibrary.wiley.com/doi/abs/10.1111/nph.16116},
  urldate = {2020-04-02},
  langid = {english},
  keywords = {covariance matrices,functional strategies,functional traits,optimisation,phenotypic integration,phenotypic selection,Turnera velutina}
}

@article{DantasdePaula2021,
  title = {Nutrient Cycling Drives Plant Community Trait Assembly and Ecosystem Functioning in a Tropical Mountain Biodiversity Hotspot},
  author = {Dantas de Paula, Mateus and Forrest, Matthew and Langan, Liam and Bendix, Jörg and Homeier, Jürgen and Velescu, Andre and Wilcke, Wolfgang and Hickler, Thomas},
  date = {2021},
  journaltitle = {New Phytologist},
  volume = {232},
  number = {2},
  pages = {551--566},
  issn = {1469-8137},
  doi = {10.1111/nph.17600},
  url = {https://onlinelibrary.wiley.com/doi/abs/10.1111/nph.17600},
  urldate = {2022-10-12},
  langid = {english},
  keywords = {dynamic vegetation model,mycorrhiza,nutrient cycling,plant community assembly,plant functional traits,tropical montane forests (TMF)}
}

@article{DEVRIES1975,
  title = {The {{Cost}} of {{Maintenance Processes}} in {{Plant Cells}}},
  author = {DE VRIES, F. W. T. PENNING},
  date = {1975-07-01},
  journaltitle = {Annals of Botany},
  shortjournal = {Annals of Botany},
  volume = {39},
  number = {1},
  pages = {77--92},
  issn = {0305-7364},
  doi = {10.1093/oxfordjournals.aob.a084919},
  url = {https://doi.org/10.1093/oxfordjournals.aob.a084919},
  urldate = {2024-01-16}
}

@article{Dong2017,
  title = {Leaf Nitrogen from First Principles: Field Evidence for Adaptive Variation with Climate},
  shorttitle = {Leaf Nitrogen from First Principles},
  author = {Dong, Ning and Prentice, Iain Colin and Evans, Bradley J. and Caddy-Retalic, Stefan and Lowe, Andrew J. and Wright, Ian J.},
  date = {2017-01-30},
  journaltitle = {Biogeosciences},
  volume = {14},
  number = {2},
  pages = {481--495},
  publisher = {{Copernicus GmbH}},
  issn = {1726-4170},
  doi = {10.5194/bg-14-481-2017},
  url = {https://bg.copernicus.org/articles/14/481/2017/},
  urldate = {2022-09-26},
  langid = {english}
}

@article{Dong2020,
  ids = {Dong},
  title = {Components of Leaf-Trait Variation along Environmental Gradients},
  author = {Dong, Ning and Prentice, Iain Colin and Wright, Ian J. and Evans, Bradley J. and Togashi, Henrique F. and Caddy‐Retalic, Stefan and McInerney, Francesca A. and Sparrow, Ben and Leitch, Emrys and Lowe, Andrew J.},
  date = {2020},
  journaltitle = {New Phytologist},
  volume = {228},
  number = {1},
  pages = {82--94},
  issn = {1469-8137},
  doi = {10.1111/nph.16558},
  url = {https://nph.onlinelibrary.wiley.com/doi/abs/10.1111/nph.16558},
  urldate = {2020-09-08},
  langid = {english},
  keywords = {acclimation,Acclimation,adaptation,intraspecific variation,leaf area,leaf economics spectrum,plant functional traits,species selection,trait-gradient analysis}
}

@article{Dong2022,
  title = {Leaf Nitrogen from the Perspective of Optimal Plant Function},
  author = {Dong, Ning and Prentice, Iain Colin and Wright, Ian J. and Wang, Han and Atkin, Owen K. and Bloomfield, Keith J. and Domingues, Tomas F. and Gleason, Sean M. and Maire, Vincent and Onoda, Yusuke and Poorter, Hendrik and Smith, Nicholas G.},
  date = {2022},
  journaltitle = {Journal of Ecology},
  volume = {110},
  number = {11},
  pages = {2585--2602},
  issn = {1365-2745},
  doi = {10.1111/1365-2745.13967},
  url = {https://onlinelibrary.wiley.com/doi/abs/10.1111/1365-2745.13967},
  urldate = {2022-09-26},
  langid = {english},
  keywords = {coordination hypothesis,ecosystem model,leaf mass per area,leaf nitrogen,least-cost hypothesis,nitrogen cycle,photosynthetic capacity}
}

@article{Evans2009,
  title = {Resistances along the {{CO2}} Diffusion Pathway inside Leaves},
  author = {Evans, John R. and Kaldenhoff, Ralf and Genty, Bernard and Terashima, Ichiro},
  date = {2009-05},
  journaltitle = {Journal of Experimental Botany},
  volume = {60},
  number = {8},
  eprint = {19395390},
  eprinttype = {pmid},
  pages = {2235--2248},
  issn = {00220957},
  doi = {10.1093/jxb/erp117},
  url = {http://jxb.oxfordjournals.org/lookup/doi/10.1093/jxb/erp117},
  isbn = {0022-0957},
  keywords = {Aquaporin,Cell wall,Cooporin,Internal conductance,Mesophyll conductance}
}

@article{Falster2012,
  title = {Lifetime Return on Investment Increases with Leaf Lifespan among 10 {{Australian}} Woodland Species},
  author = {Falster, Daniel S. and Reich, Peter B. and Ellsworth, David S. and Wright, Ian J. and Westoby, Mark and Oleksyn, Jacek and Lee, Tali D.},
  date = {2012},
  journaltitle = {New Phytologist},
  volume = {193},
  number = {2},
  eprint = {22066906},
  eprinttype = {pmid},
  pages = {409--419},
  publisher = {{Wiley Online Library}},
  issn = {0028646X},
  doi = {10.1111/j.1469-8137.2011.03940.x},
  url = {http://dx.doi.org/10.1111/j.1469-8137.2011.03940.x},
  isbn = {0028-646X},
  keywords = {Carbon balance,Leaf lifespan,Leaf traits,Nutrient costs,Photosynthesis,Respiration,YPLANT model}
}

@article{Fisher2015,
  title = {Taking off the Training Wheels: The Properties of a Dynamic Vegetation Model without Climate Envelopes, {{CLM4}}.5({{ED}})},
  shorttitle = {Taking off the Training Wheels},
  author = {Fisher, R. A. and Muszala, S. and Verteinstein, M. and Lawrence, P. and Xu, C. and McDowell, N. G. and Knox, R. G. and Koven, C. and Holm, J. and Rogers, B. M. and Spessa, A. and Lawrence, D. and Bonan, G.},
  date = {2015-11-06},
  journaltitle = {Geoscientific Model Development},
  volume = {8},
  number = {11},
  pages = {3593--3619},
  publisher = {{Copernicus GmbH}},
  issn = {1991-959X},
  doi = {10.5194/gmd-8-3593-2015},
  url = {https://gmd.copernicus.org/articles/8/3593/2015/gmd-8-3593-2015.html},
  urldate = {2022-10-12},
  langid = {english}
}

@article{Fisher2018,
  title = {Vegetation Demographics in {{Earth System Models}}: {{A}} Review of Progress and Priorities},
  shorttitle = {Vegetation Demographics in {{Earth System Models}}},
  author = {Fisher, Rosie A. and Koven, Charles D. and Anderegg, William R. L. and Christoffersen, Bradley O. and Dietze, Michael C. and Farrior, Caroline E. and Holm, Jennifer A. and Hurtt, George C. and Knox, Ryan G. and Lawrence, Peter J. and Lichstein, Jeremy W. and Longo, Marcos and Matheny, Ashley M. and Medvigy, David and Muller-Landau, Helene C. and Powell, Thomas L. and Serbin, Shawn P. and Sato, Hisashi and Shuman, Jacquelyn K. and Smith, Benjamin and Trugman, Anna T. and Viskari, Toni and Verbeeck, Hans and Weng, Ensheng and Xu, Chonggang and Xu, Xiangtao and Zhang, Tao and Moorcroft, Paul R.},
  date = {2018},
  journaltitle = {Global Change Biology},
  volume = {24},
  number = {1},
  pages = {35--54},
  issn = {1365-2486},
  doi = {10.1111/gcb.13910},
  url = {https://onlinelibrary.wiley.com/doi/abs/10.1111/gcb.13910},
  urldate = {2022-10-12},
  langid = {english},
  keywords = {carbon cycle,demographics,dynamic global vegetation models,Earth System Model,ecosystem,vegetation}
}

@book{Gelman2006,
  title = {Multilevel Regression},
  author = {Gelman, Andrew and Hill, Jennifer},
  date = {2006},
  journaltitle = {Data Analysis Using Regression and Multilevel/Hierarchical Models},
  issn = {1139460935},
  doi = {10.1017/CBO9780511790942.014},
  url = {http://ebooks.cambridge.org/ref/id/CBO9780511790942A102},
  pagetotal = {235-236},
  keywords = {\#nosource}
}

@article{Gelman2006a,
  title = {Prior Distributions for Variance Parameters in Hierarchical Models ({{Comment}} on {{Article}} by {{Browne}} and {{Draper}})},
  author = {Gelman, Andrew},
  date = {2006-09},
  journaltitle = {Bayesian Analysis},
  volume = {1},
  number = {3},
  eprint = {5026},
  eprinttype = {pmid},
  pages = {515--534},
  publisher = {{International Society for Bayesian Analysis}},
  issn = {19360975},
  doi = {10.1214/06-BA117A},
  isbn = {9781139460934},
  keywords = {Bayesian inference,Conditional conjugacy,Folded-noncentral-t distribution,Half-t distribution,Hierarchical model,Multilevel model,Noninformative prior distribution,Weakly informative prior distribution}
}

@book{Gelman2007,
  title = {Data {{Analysis Using Regression}} and {{Multilevel}}/{{Hierarchical Models}}},
  author = {Gelman, A and Hill, J},
  date = {2007},
  publisher = {{Cambridge University Press}},
  isbn = {978-0-511-26878-6},
  keywords = {\#nosource}
}

@article{Gelman2008,
  title = {A Weakly Informative Default Prior Distribution for Logistic and Other Regression Models},
  author = {Gelman, Andrew and Jakulin, Aleks and Pittau, Maria Grazia and Su, Yu Sung},
  date = {2008},
  journaltitle = {Annals of Applied Statistics},
  volume = {2},
  number = {4},
  eprint = {0901.4011},
  eprinttype = {arxiv},
  pages = {1360--1383},
  issn = {19326157},
  doi = {10.1214/08-AOAS191},
  url = {http://dx.doi.org/10.1214/08-aoas191},
  isbn = {19326157},
  keywords = {Bayesian inference,Generalized linear model,Hierarchical model,Least squares,Linear regression,Logistic regression,Multilevel model,Noninformative prior distribution,Weakly informative prior distribution}
}

@article{Gelman2008a,
  title = {Using Redundant Parametrizations to Fit Hierarchical Models},
  author = {Gelman, A and family=Dyk, given=D A, prefix=van, useprefix=true and Huang, Z and Boscardin, W J},
  date = {2008},
  journaltitle = {J. Comput. Graph. Stat.},
  volume = {17},
  number = {1},
  pages = {95--122},
  keywords = {\#nosource,statistics and MCMC and bayesian}
}

@book{Gelman2013,
  title = {Bayesian {{Data Analysis}}, {{Third Edition}}},
  author = {Gelman, A and Carlin, J B and Stern, H S and Dunson, D B and Vehtari, A and Rubin, D B},
  date = {2013},
  publisher = {{Chapman \& Hall/CRC}},
  location = {{Boca Raton, FL, USA.}},
  url = {https://books.google.com.pa/books?id=eSHSBQAAQBAJ},
  isbn = {978-1-4398-9820-8},
  pagetotal = {675},
  keywords = {\#nosource}
}

@article{Gelman2014,
  title = {Understanding Predictive Information Criteria for {{Bayesian}} Models},
  author = {Gelman, Andrew and Hwang, Jessica and Vehtari, Aki},
  date = {2014},
  journaltitle = {Statistics and Computing},
  volume = {24},
  number = {6},
  eprint = {1307.5928},
  eprinttype = {arxiv},
  pages = {997--1016},
  issn = {15731375},
  doi = {10.1007/s11222-013-9416-2},
  url = {http://dx.doi.org/10.1007/s11222-013-9416-2},
  isbn = {0960-3174},
  keywords = {AIC,Bayes,Cross-validation,DIC,Prediction,WAIC}
}

@article{Gelman2015a,
  title = {Stan: {{A Probabilistic Programming Language}} for {{Bayesian Inference}} and {{Optimization}}},
  author = {Gelman, A. and Lee, D. and Guo, J.},
  date = {2015},
  journaltitle = {Journal of Educational and Behavioral Statistics},
  volume = {40},
  number = {5},
  pages = {530--543},
  issn = {1076-9986},
  doi = {10.3102/1076998615606113},
  url = {http://jeb.sagepub.com/cgi/doi/10.3102/1076998615606113},
  isbn = {1076998615}
}

@article{Gelman2017,
  title = {R-Squared for {{Bayesian}} Regression Models},
  author = {Gelman, Andrew and Goodman, Ben and Gabry, Jonah and Ali, Imad},
  date = {2017}
}

@report{Gelman2017a,
  title = {The Prior Can Often Only Be Understood in the Context of the Likelihood *},
  author = {Gelman, Andrew and Simpson, Daniel and Betancourt, Michael},
  date = {2017}
}

@article{Gelman2019,
  title = {R-Squared for {{Bayesian Regression Models}}},
  author = {Gelman, Andrew and Goodrich, Ben and Gabry, Jonah and Vehtari, Aki},
  date = {2019-07-03},
  journaltitle = {The American Statistician},
  shortjournal = {null},
  volume = {73},
  number = {3},
  pages = {307--309},
  publisher = {{Taylor \& Francis}},
  issn = {0003-1305},
  doi = {10.1080/00031305.2018.1549100},
  url = {https://amstat.tandfonline.com/doi/full/10.1080/00031305.2018.1549100},
  urldate = {2020-09-30}
}

@article{He2019,
  title = {Leaf Mechanical Strength and Photosynthetic Capacity Vary Independently across 57 Subtropical Forest Species with Contrasting Light Requirements},
  author = {He, Pengcheng and Wright, Ian J. and Zhu, Shidan and Onoda, Yusuke and Liu, Hui and Li, Ronghua and Liu, Xiaorong and Hua, Lei and Oyanoghafo, Osazee O. and Ye, Qing},
  date = {2019},
  journaltitle = {New Phytologist},
  volume = {223},
  number = {2},
  pages = {607--618},
  issn = {1469-8137},
  doi = {10.1111/nph.15803},
  url = {https://nph.onlinelibrary.wiley.com/doi/abs/10.1111/nph.15803},
  urldate = {2019-07-01},
  langid = {english},
  keywords = {functional traits,leaf lifespan (LLS),leaf structure,light demanding,shade tolerant}
}

@article{Hidaka2011,
  title = {Allocation of Foliar Phosphorus Fractions and Leaf Traits of Tropical Tree Species in Response to Decreased Soil Phosphorus Availability on {{Mount Kinabalu}}, {{Borneo}}},
  author = {Hidaka, Amane and Kitayama, Kanehiro},
  date = {2011-02},
  journaltitle = {Journal of Ecology},
  volume = {99},
  number = {3},
  pages = {849--857},
  issn = {00220477},
  doi = {10.1111/j.1365-2745.2011.01805.x},
  url = {http://doi.wiley.com/10.1111/j.1365-2745.2011.01805.x},
  isbn = {1365-2745},
  keywords = {Allocation,Borneo,Ecophysiology,Foliar phosphorus fractionation,Leaf traits,Nitrogen,Nutrient limitation,Resorption,Soil phosphorus,Tropical rain forests}
}

@unpublished{Hoffman2011,
  title = {The {{No-U-Turn Sampler}}: {{Adaptively Setting Path Lengths}} in {{Hamiltonian Monte Carlo}}},
  author = {Hoffman, Matthew D. and Gelman, Andrew},
  date = {2011},
  eprint = {1111.4246},
  eprinttype = {arxiv},
  issn = {15337928},
  url = {http://arxiv.org/abs/1111.4246},
  isbn = {1532-4435}
}

@article{Huntingford2017,
  title = {Implications of Improved Representations of Plant Respiration in a Changing Climate},
  author = {Huntingford, Chris and Atkin, Owen K. and Martinez-de la Torre, Alberto and Mercado, Lina M. and Heskel, Mary A. and Harper, Anna B. and Bloomfield, Keith J. and O’Sullivan, Odhran S. and Reich, Peter B. and Wythers, Kirk R. and Butler, Ethan E. and Chen, Ming and Griffin, Kevin L. and Meir, Patrick and Tjoelker, Mark G. and Turnbull, Matthew H. and Sitch, Stephen and Wiltshire, Andy and Malhi, Yadvinder},
  date = {2017-11-17},
  journaltitle = {Nature Communications},
  volume = {8},
  number = {1},
  pages = {1602},
  publisher = {{Nature Publishing Group}},
  issn = {2041-1723},
  doi = {10.1038/s41467-017-01774-z},
  url = {https://www.nature.com/articles/s41467-017-01774-z},
  urldate = {2020-09-22},
  issue = {1},
  langid = {english}
}

@article{John2017,
  title = {The Anatomical and Compositional Basis of Leaf Mass per Area},
  author = {John, Grace P. and Scoffoni, Christine and Buckley, Thomas N. and Villar, Rafael and Poorter, Hendrik and Sack, Lawren},
  date = {2017},
  journaltitle = {Ecology Letters},
  volume = {20},
  number = {4},
  eprint = {28198076},
  eprinttype = {pmid},
  pages = {412--425},
  publisher = {{Wiley Online Library}},
  issn = {14610248},
  doi = {10.1111/ele.12739},
  url = {http://dx.doi.org/10.1111/ele.12739},
  keywords = {Deciduous,evergreen,functional traits,leaf anatomy,leaf density,leaf economics,leaf thickness,mesophyll,SLA,specific leaf area}
}

@article{Kannenberg2019,
  title = {Anisohydric Behavior Linked to Persistent Hydraulic Damage and Delayed Drought Recovery across Seven {{North American}} Tree Species},
  author = {Kannenberg, Steven A. and Novick, Kimberly A. and Phillips, Richard P.},
  date = {2019},
  journaltitle = {New Phytologist},
  volume = {222},
  number = {4},
  pages = {1862--1872},
  issn = {1469-8137},
  doi = {10.1111/nph.15699},
  url = {https://nph.onlinelibrary.wiley.com/doi/abs/10.1111/nph.15699},
  urldate = {2019-12-20},
  langid = {english},
  keywords = {anisohydry,drought,hydraulic damage,isohydry,recovery,tree hydraulics}
}

@article{Karst2007,
  title = {Are Correlations among Foliar Traits in Ferns Consistent with Those in the Seed Plants?},
  author = {Karst, Amanda L. and Lechowicz, Martin J.},
  date = {2007},
  journaltitle = {New Phytologist},
  volume = {173},
  number = {2},
  pages = {306--312},
  issn = {1469-8137},
  doi = {10.1111/j.1469-8137.2006.01914.x},
  url = {https://nph.onlinelibrary.wiley.com/doi/abs/10.1111/j.1469-8137.2006.01914.x},
  urldate = {2019-11-01},
  langid = {english},
  keywords = {chlorophyll content,foliar design,GLOPNET,leaf economics spectrum,leaf mass per area (LMA),net photosynthetic rate,nitrogen content,seedless vascular plants}
}

@article{Katabuchi2017a,
  title = {Decomposing Leaf Mass into Photosynthetic and Structural Components Explains Divergent Patterns of Trait Variation within and among Plant Species},
  author = {Katabuchi, Masatoshi and Kitajima, Kaoru and Wright, S. Joseph and Van Bael, Sunshine A. and Osnas, Jeanne L. D. and Lichstein, Jeremy W.},
  date = {2017-03-22},
  journaltitle = {bioRxiv},
  eprint = {http://dx.doi.org/10.1101/116855.},
  eprinttype = {arxiv},
  pages = {https://doi.org/10.1101/116855},
  doi = {10.1101/116855},
  keywords = {bayesian inference,functional diversity,functional traits,global vegetation,interspecific variation,intraspecific variability,latent variables,models,null models,optimal}
}

@article{Kenzo2006,
  title = {Changes in Photosynthesis and Leaf Characteristics with Tree Height in Five Dipterocarp Species in a Tropical Rain Forest},
  author = {Kenzo, T. and Ichie, T. and Watanabe, Y. and Yoneda, R. and Ninomiya, I. and Koike, T.},
  date = {2006-07},
  journaltitle = {Tree Physiology},
  volume = {26},
  number = {7},
  eprint = {16585032},
  eprinttype = {pmid},
  pages = {865--873},
  issn = {0829-318X},
  doi = {10.1093/treephys/26.7.865},
  url = {https://academic.oup.com/treephys/article-lookup/doi/10.1093/treephys/26.7.865},
  isbn = {0829-318X}
}

@article{Kikuzawa1991,
  title = {A {{Cost-Benefit Analysis}} of {{Leaf Habit}} and {{Leaf Longevity}} of {{Trees}} and {{Their Geographical}}},
  author = {Kikuzawa, K},
  date = {1991},
  journaltitle = {The American Naturalist},
  volume = {138},
  number = {5},
  eprint = {10.2307/2462519},
  eprinttype = {jstor},
  pages = {1250--1263},
  publisher = {{JSTOR}},
  issn = {0003-0147},
  doi = {10.2307/2462519},
  url = {http://www.jstor.org/stable/10.2307/2462519},
  isbn = {00030147}
}

@article{Kikuzawa1999,
  title = {Significance of Leaf Longevity in Plants},
  author = {Kikuzawa, Kihachiro and Ackerly, David},
  date = {1999},
  journaltitle = {Plant Species Biology},
  volume = {14},
  number = {1},
  pages = {39--45},
  publisher = {{Wiley Online Library}},
  issn = {0913557X},
  doi = {10.1046/j.1442-1984.1999.00005.x},
  url = {http://dx.doi.org/10.1046/j.1442-1984.1999.00005.x},
  isbn = {1442-1984},
  keywords = {Cost-benefit model,Leaf life span,Shoot,Supporting costs}
}

@article{Kikuzawa2006,
  title = {Toward Synthesis of Relationships among Leaf Longevity, Instantaneous Photosynthetic Rate, Lifetime Leaf Carbon Gain, and the Gross Primary Production of Forests.},
  author = {Kikuzawa, Kihachiro and Lechowicz, Martin J},
  date = {2006-09},
  journaltitle = {The American naturalist},
  volume = {168},
  number = {3},
  eprint = {16947112},
  eprinttype = {pmid},
  pages = {373--83},
  issn = {1537-5323},
  doi = {10.1086/506954},
  url = {http://www.ncbi.nlm.nih.gov/pubmed/16947112},
  isbn = {0003-0147},
  keywords = {Carbon,Carbon: metabolism,Ecosystem,Photosynthesis,Photosynthesis: physiology,Plant Leaves,Plant Leaves: metabolism,Species Specificity,Time Factors,Trees,Trees: physiology}
}

@article{Kitajima1997,
  title = {Decline of Photosynthetic Capacity with Leaf Age in Relation to Leaf Longevities for Five Tropical Canopy Tree Species},
  author = {Kitajima, Kaoru and Mulkey, Stephen S. and Wright, S. Joseph},
  date = {1997-05},
  journaltitle = {American Journal of Botany},
  volume = {84},
  number = {5},
  eprint = {21708622},
  eprinttype = {pmid},
  pages = {702--708},
  issn = {00029122},
  doi = {10.2307/2445906},
  url = {http://eutils.ncbi.nlm.nih.gov/entrez/eutils/elink.fcgi?dbfrom=pubmed&id=21708622&retmode=ref&cmd=prlinks},
  isbn = {0002-9122},
  keywords = {Leaf age,Leaf longevity,Leaf nitrogen content,Photosynthetic capacities,Tropical canopy trees}
}

@article{Kitajima2002,
  title = {Decline of Photosynthetic Capacity with Leaf Age and Position in Two Tropical Pioneer Tree Species},
  author = {Kitajima, Kaoru and Mulkey, Stephen S. and Samaniego, Mirna and Wright, S. Joseph},
  date = {2002-09},
  journaltitle = {American Journal of Botany},
  volume = {89},
  number = {12},
  eprint = {21665621},
  eprinttype = {pmid},
  pages = {1925--1932},
  issn = {00029122},
  doi = {10.3732/ajb.89.12.1925},
  isbn = {0002-9122},
  keywords = {Leaf age,Leaf longevity,Leaf nitrogen content,Leaf position,Photosynthetic capacity,Self-shading,Tropical trees}
}

@article{Kitajima2010,
  title = {Tissue-Level Leaf Toughness, but Not Lamina Thickness, Predicts Sapling Leaf Lifespan and Shade Tolerance of Tropical Tree Species},
  author = {Kitajima, Kaoru and Poorter, Lourens},
  date = {2010-03},
  journaltitle = {New Phytologist},
  volume = {186},
  number = {3},
  eprint = {20298481},
  eprinttype = {pmid},
  pages = {708--721},
  issn = {0028646X},
  doi = {10.1111/j.1469-8137.2010.03212.x},
  url = {http://doi.wiley.com/10.1111/j.1469-8137.2010.03212.x},
  isbn = {0028-646X},
  keywords = {Herbivory,Leaf functional traits,Leaf lifespan,Leaf toughness,Ontogenetic shifts,Sapling shade tolerance,Structural equation modeling,Tropical trees}
}

@article{Kitajima2011,
  title = {International {{Association}} for {{Ecology Relative Importance}} of {{Photosynthetic Traits}} and {{Allocation Patterns}} as {{Correlates}} of {{Seedling Shade Tolerance}} of 13 {{Tropical Trees Author}} ( s ): {{Kaoru Kitajima}}},
  author = {Kitajima, Kaoru},
  date = {2011},
  journaltitle = {Ecology},
  volume = {98},
  number = {3},
  pages = {419--428},
  keywords = {Growth analysis,Leaf photosynthesis,Light acclimation,Seedling morphology,Shade tolerance}
}

@article{Kitajima2012,
  title = {How Cellulose-Based Leaf Toughness and Lamina Density Contribute to Long Leaf Lifespans of Shade-Tolerant Species},
  author = {Kitajima, Kaoru and Llorens, Anna Maria and Stefanescu, Carla and Timchenko, Marta Vargas and Lucas, Peter W. and Wright, S. Joseph},
  date = {2012},
  journaltitle = {New Phytologist},
  volume = {195},
  number = {3},
  eprint = {22709147},
  eprinttype = {pmid},
  pages = {640--652},
  publisher = {{Wiley Online Library}},
  issn = {0028646X},
  doi = {10.1111/j.1469-8137.2012.04203.x},
  url = {http://dx.doi.org/10.1111/j.1469-8137.2012.04203.x},
  isbn = {0028-646X},
  keywords = {Anti-herbivory defence,Cellulose,Herbivory,Lamina density,Leaf lifespan,Leaf toughness,Seedling survival,Shade tolerance}
}

@article{Kitajima2013,
  title = {Leaf Life Span Spectrum of Tropical Woody Seedlings: {{Effects}} of Light and Ontogeny and Consequences for Survival},
  author = {Kitajima, Kaoru and Cordero, Roberto A. and Wright, S. Joseph},
  date = {2013-08},
  journaltitle = {Annals of Botany},
  volume = {112},
  number = {4},
  eprint = {23532047},
  eprinttype = {pmid},
  pages = {685--699},
  issn = {03057364},
  doi = {10.1093/aob/mct036},
  url = {http://gateway.webofknowledge.com/gateway/Gateway.cgi?GWVersion=2&SrcAuth=mekentosj&SrcApp=Papers&DestLinkType=FullRecord&DestApp=WOS&KeyUT=000322952500006},
  isbn = {0305-7364},
  keywords = {Fracture toughness,Herbivory,Leaf density,Leaf life span,Leaf toughness,Lightenvironment,Ontogenetic changes,Phenotypic plasticity,Seedling survival,Stem density,Tropical lianas,Tropical trees}
}

@article{Kitajima2016,
  title = {Leaf Cellulose Density as the Key Determinant of Inter- and Intra-Specific Variation in Leaf Fracture Toughness in a Species-Rich Tropical Forest},
  author = {Kitajima, Kaoru and Wright, S. Joseph and Westbrook, Jared W.},
  date = {2016-04},
  journaltitle = {Interface Focus},
  volume = {6},
  number = {3},
  pages = {20150100},
  publisher = {{Royal Society}},
  issn = {2042-8898},
  doi = {10.1098/rsfs.2015.0100},
  url = {http://rsfs.royalsocietypublishing.org/lookup/doi/10.1098/rsfs.2015.0100}
}

@article{Kleyer2012,
  title = {Assessing Species and Community Functional Responses to Environmental Gradients: {{Which}} Multivariate Methods?},
  author = {Kleyer, Michael and Dray, Stéphane and Bello, Francescode and Lepš, Jan and Pakeman, Robin J. and Strauss, Barbara and Thuiller, Wilfried and Lavorel, Sandra},
  date = {2012},
  journaltitle = {Journal of Vegetation Science},
  volume = {23},
  number = {5},
  pages = {805--821},
  publisher = {{Wiley Online Library}},
  issn = {11009233},
  doi = {10.1111/j.1654-1103.2012.01402.x},
  url = {http://dx.doi.org/10.1111/j.1654-1103.2012.01402.x},
  isbn = {1654-1103},
  keywords = {Cluster analysis,Functional groups,Functional traits,Functional types,Inference,Multivariate analysis,Plants,Regression tree,Statistical modelling}
}

@article{Landau2021,
  title = {The Targets {{R}} Package: A Dynamic {{Make-like}} Function-Oriented Pipeline Toolkit for Reproducibility and High-Performance Computing},
  shorttitle = {The Targets {{R}} Package},
  author = {Landau, William Michael},
  date = {2021-01-15},
  journaltitle = {Journal of Open Source Software},
  volume = {6},
  number = {57},
  pages = {2959},
  issn = {2475-9066},
  doi = {10.21105/joss.02959},
  url = {https://joss.theoj.org/papers/10.21105/joss.02959},
  urldate = {2022-06-19},
  langid = {english}
}

@article{Lemoine2019,
  title = {Moving beyond Noninformative Priors: Why and How to Choose Weakly Informative Priors in {{Bayesian}} Analyses},
  shorttitle = {Moving beyond Noninformative Priors},
  author = {Lemoine, Nathan P.},
  date = {2019},
  journaltitle = {Oikos},
  volume = {128},
  number = {7},
  pages = {912--928},
  issn = {1600-0706},
  doi = {10.1111/oik.05985},
  url = {https://onlinelibrary.wiley.com/doi/abs/10.1111/oik.05985},
  urldate = {2022-06-08},
  langid = {english},
  keywords = {Bayesian statistics,frequentist statistics,Markov chain Monte Carlo,vague priors}
}

@article{Lewandowski2009,
  title = {Generating Random Correlation Matrices Based on Vines and Extended Onion Method},
  author = {Lewandowski, Daniel and Kurowicka, Dorota and Joe, Harry},
  date = {2009-10},
  journaltitle = {Journal of Multivariate Analysis},
  volume = {100},
  number = {9},
  pages = {1989--2001},
  publisher = {{Elsevier Inc.}},
  issn = {0047259X},
  doi = {10.1016/j.jmva.2009.04.008},
  url = {http://dx.doi.org/10.1016/j.jmva.2009.04.008},
  isbn = {0047-259X},
  keywords = {Correlation matrix,Dependence vines,Onion method,Partial correlation}
}

@article{Lichstein2021,
  title = {Leaf Economics of Early-and Late-Successional Plants},
  author = {Lichstein, Jeremy W and Peterson, Brandon T and Langebrake, Jessica and McKinley, Scott A},
  date = {2021},
  journaltitle = {The American Naturalist},
  doi = {10.1086/715453}
}

@article{Lloyd2013,
  title = {Photosynthetically Relevant Foliar Traits Correlating Better on a Mass vs an Area Basis: {{Of}} Ecophysiological Relevance or Just a Case of Mathematical Imperatives and Statistical Quicksand?},
  author = {Lloyd, Jon and Bloomfield, Keith and Domingues, Tomas F. and Farquhar, Graham D.},
  date = {2013},
  journaltitle = {New Phytologist},
  volume = {199},
  number = {2},
  eprint = {23621613},
  eprinttype = {pmid},
  pages = {311--321},
  publisher = {{Wiley Online Library}},
  issn = {14698137},
  doi = {10.1111/nph.12281},
  url = {http://dx.doi.org/10.1111/nph.12281},
  isbn = {0028-646X},
  keywords = {Foliar nutrients,Leaf economic spectrum,Leaf mass per unit area,Photosynthesis,Spurious correlation}
}

@article{Lusk2008,
  title = {Why Are Evergreen Leaves so Contrary about Shade?},
  author = {Lusk, Christopher H. and Reich, Peter B. and Montgomery, Rebecca A. and Ackerly, David D. and Cavender-Bares, Jeannine},
  date = {2008},
  journaltitle = {Trends in Ecology and Evolution},
  volume = {23},
  number = {6},
  eprint = {18439708},
  eprinttype = {pmid},
  pages = {299--303},
  issn = {01695347},
  doi = {10.1016/j.tree.2008.02.006},
  url = {http://dx.doi.org/10.1016/j.tree.2008.02.006},
  isbn = {2848}
}

@article{Lusk2010,
  title = {Reconciling Species-Level vs Plastic Responses of Evergreen Leaf Structure to Light Gradients: {{Shade}} Leaves Punch above Their Weight},
  author = {Lusk, Christopher H. and Onoda, Yusuke and Kooyman, Robert and Gutiérrez-Girón, Alba},
  date = {2010},
  journaltitle = {New Phytologist},
  volume = {186},
  number = {2},
  eprint = {20202128},
  eprinttype = {pmid},
  pages = {429--438},
  publisher = {{Wiley Online Library}},
  issn = {0028646X},
  doi = {10.1111/j.1469-8137.2010.03202.x},
  url = {http://dx.doi.org/10.1111/j.1469-8137.2010.03202.x},
  isbn = {0028-646X},
  keywords = {Countergradient variation,Herbivory,Leaf economics spectrum,Leaf mass per area,Leaf resistance to fracture,Neutral detergent fibre,Subtropical rainforest}
}

@article{Martinez-Vilalta2016,
  title = {Dynamics of Non-Structural Carbohydrates in Terrestrial Plants: A Global Synthesis},
  shorttitle = {Dynamics of Non-Structural Carbohydrates in Terrestrial Plants},
  author = {Martínez‐Vilalta, Jordi and Sala, Anna and Asensio, Dolores and Galiano, Lucía and Hoch, Günter and Palacio, Sara and Piper, Frida I. and Lloret, Francisco},
  date = {2016},
  journaltitle = {Ecological Monographs},
  volume = {86},
  number = {4},
  pages = {495--516},
  issn = {1557-7015},
  doi = {10.1002/ecm.1231},
  url = {https://esajournals.onlinelibrary.wiley.com/doi/abs/10.1002/ecm.1231},
  urldate = {2020-04-11},
  langid = {english},
  keywords = {carbon storage,global synthesis,non-structural carbohydrates,non-structural carbon compounds,osmoregulation,plant carbon economy,seasonal dynamics,soluble sugars,source–sink imbalances,starch,stress responses,terrestrial plants}
}

@article{Moorcroft2001,
  title = {A {{Method}} for {{Scaling Vegetation Dynamics}}: {{The Ecosystem Demography Model}} ({{ED}})},
  shorttitle = {A {{Method}} for {{Scaling Vegetation Dynamics}}},
  author = {Moorcroft, P. R. and Hurtt, G. C. and Pacala, S. W.},
  date = {2001},
  journaltitle = {Ecological Monographs},
  volume = {71},
  number = {4},
  eprint = {3100036},
  eprinttype = {jstor},
  pages = {557--585},
  issn = {0012-9615},
  doi = {10.2307/3100036},
  url = {https://www.jstor.org/stable/3100036},
  urldate = {2019-03-13},
  keywords = {\#nosource}
}

@article{Moorcroft2006,
  title = {How Close Are We to a Predictive Science of the Biosphere?},
  author = {Moorcroft, Paul R.},
  date = {2006-07-01},
  journaltitle = {Trends in Ecology \& Evolution},
  shortjournal = {Trends in Ecology \& Evolution},
  volume = {21},
  number = {7},
  eprint = {16815439},
  eprinttype = {pmid},
  pages = {400--407},
  issn = {0169-5347},
  doi = {10.1016/j.tree.2006.04.009},
  url = {https://www.cell.com/trends/ecology-evolution/abstract/S0169-5347(06)00150-9},
  urldate = {2019-03-13},
  langid = {english}
}

@article{Niinemets2015,
  title = {A Worldwide Analysis of Within-Canopy Variations in Leaf Structural, Chemical and Physiological Traits across Plant Functional Types},
  author = {Niinemets, Ülo and Keenan, Trevor F. and Hallik, Lea},
  date = {2015-10},
  journaltitle = {New Phytologist},
  volume = {205},
  number = {3},
  eprint = {25318596},
  eprinttype = {pmid},
  pages = {973--993},
  issn = {14698137},
  doi = {10.1111/nph.13096},
  url = {http://doi.wiley.com/10.1111/nph.13096},
  isbn = {1469-8137},
  keywords = {Acclimation,Economics spectrum,Leaf structure,Light gradients,Nitrogen (N) allocation,Nitrogen content,Photosynthetic capacity,Plasticity}
}

@article{Onoda2004,
  title = {Allocation of Nitrogen to Cell Walls Decreases Photosynthetic Nitrogen-Use Efficiency},
  author = {Onoda, Y. and Hikosaka, K. and Hirose, T.},
  date = {2004-05},
  journaltitle = {Functional Ecology},
  volume = {18},
  number = {3},
  pages = {419--425},
  issn = {02698463},
  doi = {10.1111/j.0269-8463.2004.00847.x},
  url = {http://www.readcube.com/articles/10.1111/j.0269-8463.2004.00847.x?issn=1365-2435&tracking_referrer=onlinelibrary.wiley.com&purchase_referrer=www.google.com&customer_ids=PARENTCIC%257CEAL0000495%257CP%2523MLC%257CPARENTCICOLB%257CPILOT%257CMICHIG176S%257CT},
  isbn = {0269-8463},
  keywords = {Cell-wall proteins,Germination time,Leaf life span,Nitrogen allocation,{Ribulose-1,5-bisphosphate carboxylase/oxygenase}}
}

@article{Onoda2008,
  title = {Effects of Light and Nutrient Availability on Leaf Mechanical Properties of {{{\emph{Plantago}}}}{\emph{ Major}}: {{A}} Conceptual Approach},
  author = {Onoda, Yusuke and Schieving, Feike and Anten, Niels P.R.},
  date = {2008},
  journaltitle = {Annals of Botany},
  volume = {101},
  number = {5},
  eprint = {18272529},
  eprinttype = {pmid},
  pages = {727--736},
  issn = {03057364},
  doi = {10.1093/aob/mcn013},
  url = {http://dx.doi.org/10.1093/aob/mcn013},
  isbn = {0305-7364},
  keywords = {Cell walls,Cost-benefit,Defence,Leaf biomechanics,Leaf mass per area,Nitrogen,Plantago major,Punch-and-die test,Stiffness,Strength,Toughness}
}

@article{Onoda2011,
  title = {Global Patterns of Leaf Mechanical Properties},
  author = {Onoda, Yusuke and Westoby, Mark and Adler, Peter B. and Choong, Amy M F and Clissold, Fiona J. and Cornelissen, Johannes H C and Díaz, Sandra and Dominy, Nathaniel J. and Elgart, Alison and Enrico, Lucas and Fine, Paul V A and Howard, Jerome J. and Jalili, Adel and Kitajima, Kaoru and Kurokawa, Hiroko and McArthur, Clare and Lucas, Peter W. and Markesteijn, Lars and Pérez-Harguindeguy, Natalia and Poorter, Lourens and Richards, Lora and Santiago, Louis S. and Sosinski, Enio E. and Van Bael, Sunshine A. and Warton, David I. and Wright, Ian J. and Joseph Wright, S. and Yamashita, Nayuta},
  date = {2011},
  journaltitle = {Ecology Letters},
  volume = {14},
  number = {3},
  eprint = {21265976},
  eprinttype = {pmid},
  pages = {301--312},
  publisher = {{Wiley Online Library}},
  issn = {1461023X},
  doi = {10.1111/j.1461-0248.2010.01582.x},
  url = {http://dx.doi.org/10.1111/j.1461-0248.2010.01582.x},
  isbn = {1461-0248},
  keywords = {Biomechanics,Fibre,Global-trend,Leaf traits,Meta-analysis,Toughness}
}

@article{Onoda2012,
  title = {[]},
  author = {Onoda, Yusuke and Richards, Lora and Westoby, Mark},
  date = {2012},
  journaltitle = {New Phytologist},
  volume = {196},
  number = {2},
  eprint = {22913608},
  eprinttype = {pmid},
  pages = {441--447},
  publisher = {{Wiley Online Library}},
  issn = {0028646X},
  doi = {10.1111/j.1469-8137.2012.04263.x},
  url = {http://dx.doi.org/10.1111/j.1469-8137.2012.04263.x},
  isbn = {1469-8137},
  keywords = {Cost-and-benefit,Cuticle,Density,Dorsiventrality,Durability,Interspecific,Stiffness,Strength}
}

@article{Onoda2014,
  title = {Trade-off between Light Interception Efficiency and Light Use Efficiency: {{Implications}} for Species Coexistence in One-Sided Light Competition},
  author = {Onoda, Yusuke and Saluñga, Jema B. and Akutsu, Kosuke and family=Aiba, given=Shin, prefix=ichiro, useprefix=false and Yahara, Tetsukazu and Anten, Niels P R},
  date = {2014-11},
  journaltitle = {Journal of Ecology},
  volume = {102},
  number = {1},
  pages = {167--175},
  issn = {00220477},
  doi = {10.1111/1365-2745.12184},
  url = {http://doi.wiley.com/10.1111/1365-2745.12184},
  isbn = {1365-2745},
  keywords = {Asymmetric competition,Coexistence,Determinants of plant community diversity and stru,Forest,Light interception,Light use,One-sided light competition,RGR,Trade-off}
}

@article{Onoda2015,
  title = {A Novel Method of Measuring Leaf Epidermis and Mesophyll Stiffness Shows the Ubiquitous Nature of the Sandwich Structure of Leaf Laminas in Broad-Leaved Angiosperm Species},
  author = {Onoda, Yusuke and Schieving, Feike and Anten, Niels P R},
  date = {2015-05},
  journaltitle = {Journal of Experimental Botany},
  volume = {66},
  number = {9},
  eprint = {25675956},
  eprinttype = {pmid},
  pages = {2487--2499},
  publisher = {{Oxford University Press}},
  issn = {14602431},
  doi = {10.1093/jxb/erv024},
  url = {http://jxb.oxfordjournals.org/lookup/doi/10.1093/jxb/erv024},
  isbn = {0022-0957},
  keywords = {Biodiversity,biomechanics,cuticle,epidermis,evolution,leaf anatomy,mechanical design,mesophyll,sandwich structure,turgor pressure}
}

@article{Onoda2017,
  title = {Physiological and Structural Tradeoffs Underlying the Leaf Economics Spectrum},
  author = {Onoda, Yusuke and Wright, Ian J. and Evans, John R. and Hikosaka, Kouki and Kitajima, Kaoru and Niinemets, Ülo and Poorter, Hendrik and Tosens, Tiina and Westoby, Mark},
  date = {2017},
  journaltitle = {New Phytologist},
  volume = {214},
  number = {4},
  eprint = {28295374},
  eprinttype = {pmid},
  pages = {1447--1463},
  issn = {14698137},
  doi = {10.1111/nph.14496},
  keywords = {anatomy,biodiversity,cell walls,leaf economics spectrum,mesophyll conductance,nitrogen allocation,photosynthesis}
}

@article{Osada2001,
  title = {Leaf Dynamics and Maintenance of Tree Crowns in a Malaysian Rain Forest Stand},
  author = {Osada, Noriyuki and Takeda, Hiroshi and Furukawa, Akio and Awang, Muhamad},
  date = {2001},
  journaltitle = {Journal of Ecology},
  volume = {89},
  number = {5},
  pages = {774--782},
  publisher = {{Wiley Online Library}},
  issn = {00220477},
  doi = {10.1046/j.0022-0477.2001.00590.x},
  url = {http://dx.doi.org/10.1046/j.0022-0477.2001.00590.x},
  keywords = {Forest stratification,Leaf life span,Phenotypic plasticity,Photon flux density,Specific leaf area}
}

@article{Osnas2013,
  title = {Global Leaf Trait Relationships: {{Mass}}, Area, and the Leaf Economics Spectrum},
  author = {Osnas, Jeanne L D and Lichstein, Jeremy W. and Reich, Peter B. and Pacala, Stephen W.},
  date = {2013},
  journaltitle = {Science},
  volume = {340},
  number = {6133},
  eprint = {23539179},
  eprinttype = {pmid},
  pages = {741--744},
  issn = {10959203},
  doi = {10.1126/science.1231574},
  url = {http://gateway.webofknowledge.com/gateway/Gateway.cgi?GWVersion=2&SrcAuth=mekentosj&SrcApp=Papers&DestLinkType=FullRecord&DestApp=WOS&KeyUT=000318619000038},
  isbn = {1095-9203 (Electronic)\textbackslash r0036-8075 (Linking)}
}

@article{Osnas2018,
  title = {Divergent Drivers of Leaf Trait Variation within Species, among Species, and among Functional Groups.},
  author = {Osnas, Jeanne L D and Katabuchi, Masatoshi and Kitajima, Kaoru and Wright, S Joseph and Reich, Peter B and Van Bael, Sunshine A and Kraft, Nathan J B and Samaniego, Mirna J and Pacala, Stephen W and Lichstein, Jeremy W},
  date = {2018-05-03},
  journaltitle = {Proceedings of the National Academy of Sciences of the United States of America},
  volume = {115},
  number = {21},
  eprint = {29724857},
  eprinttype = {pmid},
  pages = {5480--5485},
  publisher = {{National Academy of Sciences}},
  issn = {1091-6490},
  doi = {10.1073/pnas.1803989115},
  url = {http://www.ncbi.nlm.nih.gov/pubmed/29724857},
  urldate = {2018-05-07},
  keywords = {functional traits,leaf longevity,leaf mass per area,plant functional types,tropical forests}
}

@article{Piper2014,
  title = {Foliar Habit, Tolerance to Defoliation and Their Link to Carbon and Nitrogen Storage},
  author = {Piper, Frida I. and Fajardo, Alex},
  date = {2014},
  journaltitle = {Journal of Ecology},
  volume = {102},
  number = {5},
  pages = {1101--1111},
  issn = {1365-2745},
  doi = {10.1111/1365-2745.12284},
  url = {https://onlinelibrary.wiley.com/doi/abs/10.1111/1365-2745.12284},
  urldate = {2024-01-15},
  langid = {english},
  keywords = {carbon limitation,deciduous,disturbances,ecophysiology,evergreen,herbivory,Nothofagus betuloides,Nothofagus pumilio,Patagonia,temperate forests}
}

@article{Poorter2006b,
  title = {Construction Costs, Chemical Composition and Payback Time of High- and Low-Irradiance Leaves},
  author = {Poorter, Hendrik and Pepin, Steeve and Rijkers, Toon and De Jong, Yvonne and Evans, John R. and Körner, Christian},
  date = {2006},
  journaltitle = {Journal of Experimental Botany},
  volume = {57},
  eprint = {16303828},
  eprinttype = {pmid},
  pages = {355--371},
  issn = {00220957},
  doi = {10.1093/jxb/erj002},
  url = {http://dx.doi.org/10.1093/jxb/erj002},
  isbn = {0022-0957 (Print)\textbackslash r0022-0957 (Linking)},
  issue = {2 SPEC. ISS.},
  keywords = {Chemical composition,Construction costs,Payback time,Photosynthesis,Respiration,Shade leaf,Soluble phenolics,Specific leaf area,Sun leaf}
}

@article{Poorter2009,
  title = {Causes and Consequences of Variation in Leaf Mass per Area ({{LMA}}): {{A}} Meta-Analysis},
  author = {Poorter, Hendrik and Niinemets, Ülo and Poorter, Lourens and Wright, Ian J. and Villar, Rafael},
  date = {2009},
  journaltitle = {New Phytologist},
  volume = {182},
  number = {3},
  eprint = {19434804},
  eprinttype = {pmid},
  pages = {565--588},
  publisher = {{Blackwell Publishing Ltd}},
  issn = {0028646X},
  doi = {10.1111/j.1469-8137.2009.02830.x},
  url = {http://doi.wiley.com/10.1111/j.1469-8137.2009.02830.x},
  isbn = {1469-8137},
  keywords = {Chemical composition,Environment,Functional types,Growth rate,Leaf anatomy,Plasticity,Trait spectrum}
}

@article{Poorter2012,
  title = {Biomass Allocation to Leaves, Stems and Roots: {{Meta-analyses}} of Interspecific Variation and Environmental Control},
  author = {Poorter, Hendrik and Niklas, Karl J. and Reich, Peter B. and Oleksyn, Jacek and Poot, Pieter and Mommer, Liesje},
  date = {2012},
  journaltitle = {New Phytologist},
  volume = {193},
  number = {1},
  eprint = {22085245},
  eprinttype = {pmid},
  pages = {30--50},
  publisher = {{Wiley Online Library}},
  issn = {0028646X},
  doi = {10.1111/j.1469-8137.2011.03952.x},
  url = {http://dx.doi.org/10.1111/j.1469-8137.2011.03952.x},
  isbn = {1469-8137},
  keywords = {Allocation,Allometry,Dose-response curve,Environment,Functional types,Global change,Meta-phenomics,Partitioning}
}

@manual{RCoreTeam2022,
  type = {manual},
  title = {R: {{A}} Language and Environment for Statistical Computing},
  author = {{R Core Team}},
  date = {2022},
  location = {{Vienna, Austria}},
  url = {https://www.R-project.org/},
  organization = {{R Foundation for Statistical Computing}}
}

@article{Reich2014,
  title = {The World-Wide 'fast-Slow' Plant Economics Spectrum: {{A}} Traits Manifesto},
  author = {Reich, Peter B.},
  date = {2014-02},
  journaltitle = {Journal of Ecology},
  volume = {102},
  number = {2},
  eprint = {9391094},
  eprinttype = {pmid},
  pages = {275--301},
  issn = {00220477},
  doi = {10.1111/1365-2745.12211},
  url = {http://doi.wiley.com/10.1111/1365-2745.12211},
  isbn = {2806},
  keywords = {Carbon,Ecophysiology,Leaf,Light,Nutrient,Phylogeny,Root,Stem,Strategy,Water}
}

@article{Roderick1999,
  title = {A Theoretical Approach to Linking the Composition and Morphology with the Function of Leaves},
  author = {Roderick, M. L. and Berry, S. L. and Noble, I. R. and Farquhar, G. D.},
  date = {1999},
  journaltitle = {Functional Ecology},
  volume = {13},
  number = {5},
  eprint = {2078},
  eprinttype = {pmid},
  pages = {683--695},
  publisher = {{Wiley Online Library}},
  issn = {02698463},
  doi = {10.1046/j.1365-2435.1999.00368.x},
  url = {http://dx.doi.org/10.1046/j.1365-2435.1999.00368.x},
  isbn = {02698463},
  keywords = {Density,Leaf nitrogen,Photosynthesis,Surface,Volume}
}

@article{Rosas2019,
  title = {Adjustments and Coordination of Hydraulic, Leaf and Stem Traits along a Water Availability Gradient},
  author = {Rosas, Teresa and Mencuccini, Maurizio and Barba, Josep and Cochard, Hervé and Saura-Mas, Sandra and Martínez-Vilalta, Jordi},
  date = {2019-01-13},
  journaltitle = {New Phytologist},
  shortjournal = {New Phytologist},
  volume = {0},
  issn = {0028-646X},
  doi = {10.1111/nph.15684},
  url = {https://nph.onlinelibrary.wiley.com/doi/abs/10.1111/nph.15684},
  urldate = {2019-01-18},
  issue = {ja},
  keywords = {drought,Huber value,hydraulic traits,interspecific variation,intraspecific variation,leaf economics spectrum,turgor loss point,water availability}
}

@incollection{Russo2016,
  title = {The {{Ecophysiology}} of {{Leaf Lifespan}} in {{Tropical Forests}}: {{Adaptive}} and {{Plastic Responses}} to {{Environmental Heterogeneity}}},
  booktitle = {Tropical {{Tree Physiology}}},
  author = {Russo, Sabrina E. and Kitajima, Kaoru},
  editor = {Goldstein, Guillermo and Santiago, S Louis},
  date = {2016},
  pages = {357--383},
  publisher = {{Springer International Publishing}},
  location = {{Cham}},
  doi = {10.1007/978-3-319-27422-5_17},
  url = {http://link.springer.com/10.1007/978-3-319-27422-5_17},
  isbn = {978-3-319-27420-1}
}

@article{Sakschewski2015,
  title = {Leaf and Stem Economics Spectra Drive Diversity of Functional Plant Traits in a Dynamic Global Vegetation Model},
  author = {Sakschewski, Boris and family=Bloh, given=Werner, prefix=von, useprefix=true and Boit, Alice and Rammig, Anja and Kattge, Jens and Poorter, Lourens and Peñuelas, Josep and Thonicke, Kirsten},
  date = {2015-04},
  journaltitle = {Global Change Biology},
  volume = {21},
  number = {7},
  eprint = {25611734},
  eprinttype = {pmid},
  pages = {2711--2725},
  issn = {13541013},
  doi = {10.1111/gcb.12870},
  url = {http://doi.wiley.com/10.1111/gcb.12870},
  isbn = {1365-2486}
}

@article{Sakschewski2016,
  title = {Resilience of {{Amazon}} Forests Emerges from Plant Trait Diversity},
  author = {Sakschewski, Boris and family=Bloh, given=Werner, prefix=von, useprefix=true and Boit, Alice and Poorter, Lourens and Peña-Claros, Marielos and Heinke, Jens and Joshi, Jasmin and Thonicke, Kirsten},
  date = {2016-11},
  journaltitle = {Nature Climate Change},
  shortjournal = {Nature Clim Change},
  volume = {6},
  number = {11},
  pages = {1032--1036},
  issn = {1758-678X, 1758-6798},
  doi = {10.1038/nclimate3109},
  url = {http://www.nature.com/articles/nclimate3109},
  urldate = {2020-08-06},
  langid = {english}
}

@article{Salguero-Gomez2017,
  title = {Applications of the Fast–Slow Continuum and Reproductive Strategy Framework of Plant Life Histories},
  author = {Salguero‐Gómez, Roberto},
  date = {2017},
  journaltitle = {New Phytologist},
  volume = {213},
  number = {4},
  pages = {1618--1624},
  issn = {1469-8137},
  doi = {10.1111/nph.14289},
  url = {https://nph.onlinelibrary.wiley.com/doi/abs/10.1111/nph.14289},
  urldate = {2020-08-11},
  langid = {english},
  keywords = {conservation status,functional trait,life history strategy,life history trait,matrix population model,population growth rate,resilience,senescence}
}

@article{Scheiter2013,
  title = {Next-Generation Dynamic Global Vegetation Models: {{Learning}} from Community Ecology},
  author = {Scheiter, Simon and Langan, Liam and Higgins, Steven I.},
  date = {2013-03},
  journaltitle = {New Phytologist},
  volume = {198},
  number = {3},
  eprint = {23496172},
  eprinttype = {pmid},
  pages = {957--969},
  issn = {0028646X},
  doi = {10.1111/nph.12210},
  url = {http://doi.wiley.com/10.1111/nph.12210},
  isbn = {1469-8137},
  keywords = {ADGVM2,Coexistence,Community assembly,DGVM,Dynamic vegetation model,Trait based model}
}

@article{Serbin2019,
  title = {From the {{Arctic}} to the Tropics: Multi-Biome Prediction of Leaf Mass per Area Using Leaf Reflectance},
  shorttitle = {From the {{Arctic}} to the Tropics},
  author = {Serbin, Shawn P. and Wu, Jin and Ely, Kim S. and Kruger, Eric L. and Townsend, Philip A. and Meng, Ran and Wolfe, Brett T. and Chlus, Adam and Wang, Zhihui and Rogers, Alistair},
  date = {2019},
  journaltitle = {New Phytologist},
  volume = {224},
  pages = {1557--1568},
  issn = {1469-8137},
  doi = {10.1111/nph.16123},
  url = {https://nph.onlinelibrary.wiley.com/doi/abs/10.1111/nph.16123},
  urldate = {2019-08-23},
  issue = {ja},
  langid = {english},
  keywords = {leaf mass area,partial least squares regression (PLSR),plant traits,remote sensing,specific leaf area,spectroscopy}
}

@article{Shipley2006,
  title = {Fundamental Trade-Offs Generating the Worldwide Leaf Economics Spectrum},
  author = {Shipley, Bill and Lechowicz, Martin J. and Wright, Ian and Reich, Peter B.},
  date = {2006},
  journaltitle = {Ecology},
  volume = {87},
  number = {3},
  eprint = {16602282},
  eprinttype = {pmid},
  pages = {535--541},
  publisher = {{Wiley Online Library}},
  issn = {00129658},
  doi = {10.1890/05-1051},
  url = {http://dx.doi.org/10.1890/05-1051},
  isbn = {0012-9658},
  keywords = {Comparative ecology,Leaf life span,Leaf longevity,{Leaf mass per area, LMA},Leaf nitrogen content,Net photosynthetic rate,Path analysis,{Specific leaf area, SLA},{Structural equations modeling, SEM},Vanishing tetrads}
}

@article{Tautenhahn2020,
  title = {News on Intra-Specific Trait Variation, Species Sorting, and Optimality Theory for Functional Biogeography and Beyond},
  author = {Tautenhahn, Susanne and Migliavacca, Mirco and Kattge, Jens},
  date = {2020},
  journaltitle = {New Phytologist},
  volume = {228},
  number = {1},
  pages = {6--10},
  issn = {1469-8137},
  doi = {10.1111/nph.16846},
  url = {https://nph.onlinelibrary.wiley.com/doi/abs/10.1111/nph.16846},
  urldate = {2020-09-08},
  keywords = {adaptive responses,ecosystem functional properties,intra-specific trait variation,optimality theory,plant functional traits,species sorting}
}

@article{Tcherkez2017,
  title = {Leaf Day Respiration: Low {{CO2}} Flux but High Significance for Metabolism and Carbon Balance},
  shorttitle = {Leaf Day Respiration},
  author = {Tcherkez, Guillaume and Gauthier, Paul and Buckley, Thomas N. and Busch, Florian A. and Barbour, Margaret M. and Bruhn, Dan and Heskel, Mary A. and Gong, Xiao Ying and Crous, Kristine Y. and Griffin, Kevin and Way, Danielle and Turnbull, Matthew and Adams, Mark A. and Atkin, Owen K. and Farquhar, Graham D. and Cornic, Gabriel},
  date = {2017},
  journaltitle = {New Phytologist},
  volume = {216},
  number = {4},
  pages = {986--1001},
  issn = {1469-8137},
  doi = {10.1111/nph.14816},
  url = {https://nph.onlinelibrary.wiley.com/doi/abs/10.1111/nph.14816},
  urldate = {2020-09-22},
  langid = {english},
  keywords = {carbon balance,CO2 effects,mitochondrial metabolism,photorespiration,photosynthesis,respiration}
}

@article{Terashima2001,
  title = {Why Are Sun Leaves Thicker than Shade Leaves? — {{Consideration}} Based on Analyses of {{CO}}{\textsubscript{2}} Diffusion in the Leaf},
  author = {Terashima, Ichiro and Miyazawa, Shin-Ichi and Hanba, Yuko T},
  date = {2001},
  journaltitle = {Journal of Plant Research},
  volume = {114},
  number = {1},
  eprint = {16356943},
  eprinttype = {pmid},
  pages = {93--105},
  issn = {0918-9440},
  doi = {10.1007/PL00013972},
  url = {http://link.springer.com/10.1007/PL00013972},
  isbn = {0918-9440}
}

@article{Terashima2006,
  title = {Irradiance and Phenotype: {{Comparative}} Eco-Development of Sun and Shade Leaves in Relation to Photosynthetic {{CO2}} Diffusion},
  author = {Terashima, Ichiro and Hanba, Yuko T. and Tazoe, Youshi and Vyas, Poonam and Yano, Satoshi},
  date = {2006},
  journaltitle = {Journal of Experimental Botany},
  volume = {57},
  eprint = {16356943},
  eprinttype = {pmid},
  pages = {343--354},
  issn = {00220957},
  doi = {10.1093/jxb/erj014},
  url = {http://dx.doi.org/10.1093/jxb/erj014},
  isbn = {0022-0957 1460-2431},
  issue = {2 SPEC. ISS.},
  keywords = {Aquaporin,Cell wall,Chloroplasts,Conductance,Diffusion,Intercellular spaces,Mechanical strength,Photosynthesis,Resistance to CO2 diffusion,Stomata}
}

@article{Terashima2011,
  title = {Leaf {{Functional Anatomy}} in {{Relation}} to {{Photosynthesis}}},
  author = {Terashima, I. and Hanba, Y. T. and Tholen, D. and Niinemets, U.},
  date = {2011-01},
  journaltitle = {Plant Physiology},
  volume = {155},
  number = {1},
  eprint = {21075960},
  eprinttype = {pmid},
  pages = {108--116},
  publisher = {{American Society of Plant Biologists}},
  issn = {0032-0889},
  doi = {10.1104/pp.110.165472},
  url = {http://www.plantphysiol.org/cgi/doi/10.1104/pp.110.165472},
  isbn = {0032-0889}
}

@unpublished{Vehtari2014,
  title = {Bayesian Leave-One-out Cross-Validation Approximations for {{Gaussian}} Latent Variable Models},
  author = {Vehtari, Aki and Mononen, Tommi and Tolvanen, Ville and Sivula, Tuomas and Winther, Ole},
  date = {2014-12},
  eprint = {1408.4050v2},
  eprinttype = {arxiv},
  issn = {15337928},
  url = {http://arxiv.org/abs/1412.7461},
  isbn = {1412.7461}
}

@unpublished{Vehtari2015,
  title = {Pareto {{Smoothed Importance Sampling}}},
  author = {Vehtari, Aki and Gelman, Andrew and Gabry, Jonah},
  date = {2015-07-09},
  eprint = {1507.02646},
  eprinttype = {arxiv},
  url = {http://arxiv.org/abs/1507.02646},
  urldate = {2018-07-27}
}

@article{Vehtari2016,
  title = {Bayesian Leave-One-out Cross-Validation Approximations for {{Gaussian}} Latent Variable Models},
  author = {Vehtari, Aki and Mononen, Tommi and Tolvanen, Ville and Sivula, Tuomas and Winther, Ole},
  date = {2016-01-01},
  journaltitle = {The Journal of Machine Learning Research},
  shortjournal = {J. Mach. Learn. Res.},
  volume = {17},
  number = {1},
  pages = {3581--3618},
  issn = {1532-4435},
  keywords = {expectation propagation,Gaussian latent variable model,Laplace approximation,leave-one-out cross-validation,predictive performance}
}

@article{Vehtari2017,
  title = {Practical {{Bayesian}} Model Evaluation Using Leave-One-out Cross-Validation and {{WAIC}}},
  author = {Vehtari, Aki and Gelman, Andrew and Gabry, Jonah},
  date = {2017},
  journaltitle = {Statistics and Computing},
  number = {27},
  eprint = {1507.04544},
  eprinttype = {arxiv},
  pages = {1413--1432},
  publisher = {{Springer US}},
  issn = {15731375},
  doi = {10.1007/s11222-016-9696-4},
  url = {http://link.springer.com/10.1007/s11222-016-9696-4},
  isbn = {1507.04544},
  keywords = {Bayesian computation,K-fold cross-validation,Leave-one-out cross-validation (LOO),Pareto smoothed importance sampling (PSIS),Stan,Widely applicable information criterion (WAIC)}
}

@article{Verheijen2013,
  title = {Impacts of Trait Variation through Observed Trait–Climate Relationships on Performance of an {{Earth}} System Model: A Conceptual Analysis},
  shorttitle = {Impacts of Trait Variation through Observed Trait–Climate Relationships on Performance of an {{Earth}} System Model},
  author = {Verheijen, L. M. and Brovkin, V. and Aerts, R. and Bönisch, G. and Cornelissen, J. H. C. and Kattge, J. and Reich, P. B. and Wright, I. J. and family=Bodegom, given=P. M., prefix=van, useprefix=false},
  date = {2013-08-15},
  journaltitle = {Biogeosciences},
  volume = {10},
  number = {8},
  pages = {5497--5515},
  issn = {1726-4170},
  doi = {10.5194/bg-10-5497-2013},
  url = {https://www.biogeosciences.net/10/5497/2013/},
  urldate = {2019-03-13},
  langid = {english}
}

@article{Villar2001,
  title = {Comparison of Leaf Construction Costs in Woody Species with Differing Leaf Life-Spans in Contrasting Ecosystems},
  author = {Villar, Rafael and Merino, José},
  date = {2001-12},
  journaltitle = {New Phytologist},
  volume = {151},
  number = {1},
  pages = {213--226},
  issn = {0028646X},
  doi = {10.1046/j.1469-8137.2001.00147.x},
  isbn = {0028-646X},
  keywords = {Construction cost,Deciduous,Evergreen,Heat of combustion,Leaf size,Lipids,Nitrogen,Specific leaf area}
}

@article{Wang2023,
  title = {Leaf Economics Fundamentals Explained by Optimality Principles},
  author = {Wang, Han and Prentice, I. Colin and Wright, Ian J. and Warton, David I. and Qiao, Shengchao and Xu, Xiangtao and Zhou, Jian and Kikuzawa, Kihachiro and Stenseth, Nils Chr.},
  date = {2023-01-18},
  journaltitle = {Science Advances},
  volume = {9},
  number = {3},
  pages = {eadd5667},
  publisher = {{American Association for the Advancement of Science}},
  doi = {10.1126/sciadv.add5667},
  url = {https://www.science.org/doi/10.1126/sciadv.add5667},
  urldate = {2023-04-04}
}

@article{Westoby2000,
  title = {The {{Time Value}} of {{Leaf Area}}},
  author = {Westoby, Mark and Warton, David and Reich, Peter B},
  date = {2000},
  journaltitle = {The American Naturalist},
  volume = {155},
  number = {5},
  eprint = {10777437},
  eprinttype = {pmid},
  pages = {649--656},
  issn = {0003-0147},
  doi = {10.1086/303346},
  url = {http://www.jstor.org/stable/10.1086/303346},
  isbn = {00030147, 15375323}
}

@article{Westoby2006a,
  title = {Land-Plant Ecology on the Basis of Functional Traits},
  author = {Westoby, Mark and Wright, Ian J.},
  date = {2006-05},
  journaltitle = {Trends in Ecology and Evolution},
  volume = {21},
  number = {5},
  eprint = {16697912},
  eprinttype = {pmid},
  pages = {261--268},
  issn = {01695347},
  doi = {10.1016/j.tree.2006.02.004},
  url = {http://linkinghub.elsevier.com/retrieve/pii/S0169534706000565},
  isbn = {0169-5347 (Print)\textbackslash r0169-5347 (Linking)}
}

@article{Westoby2013,
  title = {Understanding Ecological Variation across Species: {{Area-based}} vs Mass-Based Expression of Leaf Traits},
  author = {Westoby, Mark and Reich, Peter B. and Wright, Ian J.},
  date = {2013-07},
  journaltitle = {New Phytologist},
  volume = {199},
  number = {2},
  eprint = {23692294},
  eprinttype = {pmid},
  pages = {322--323},
  issn = {0028646X},
  doi = {10.1111/nph.12345},
  url = {http://onlinelibrary.wiley.com/doi/10.1111/nph.12345/full},
  isbn = {1469-8137},
  keywords = {Leaf economic spectrum (LES),Leaf mass per area (LMA),Leaf nutrients,Photosynthesis,Plant ecological strategies}
}

@article{Williams1989,
  title = {Relationships {{Among Leaf Construction Cost}}, {{Leaf Longevity}}, and {{Light Environment}} in {{Rain-Forest Plants}} of the {{Genus Piper}}},
  author = {Williams, Kimberlyn and Field, Christopher B. and Mooney, Harold A.},
  date = {1989},
  journaltitle = {The American Naturalist},
  volume = {133},
  number = {2},
  eprint = {17891731},
  eprinttype = {pmid},
  pages = {198--211},
  issn = {0003-0147},
  doi = {10.1086/284910},
  url = {http://www.journals.uchicago.edu/doi/10.1086/284910},
  isbn = {00030147}
}

@incollection{Wright2003,
  title = {Tropical {{Canopy Biology Program}}, {{Republic}} of {{Panama}}},
  booktitle = {Studying {{Forest Canopies}} from {{Above}}: {{The International Canopy Crane Network}}},
  author = {Wright, S. J. and Horlyck, V and Basset, Y and Barrios, H and Bethancourt, A and family=Bohlman, given=SA, given-i=SA and family=Gilbert, given=GS, given-i=GS and Goldstein, G and Graham, E. A. and Kitajima, K. and Lerdau, M. T. and Meinzer, F. C. and Ødegaard, F. and Reynolds, D. R. and Roubik, D. W. and Sakai, S. and Samaniego, M. and Sparks, J. P. and Van Bael, S. and Winter, K. and Zotz, G.},
  editor = {Basset, Yves and Horlyck, Vibeke and Wright, S J},
  date = {2003-08},
  pages = {137--155},
  location = {{Panama}},
  isbn = {9962-614-05-8},
  keywords = {\#nosource}
}

@article{Wright2004a,
  title = {The Worldwide Leaf Economics Spectrum},
  author = {Wright, Ian J. and Reich, Peter B. and Westoby, Mark and Ackerly, David D. and Baruch, Zdravko and Bongers, Frans and Cavender-Bares, Jeannine and Chapin, Terry and Cornellssen, Johannes H.C. and Diemer, Matthias and Flexas, Jaume and Garnier, Eric and Groom, Philip K. and Gulias, Javier and Hikosaka, Kouki and Lamont, Byron B. and Lee, Tall and Lee, William and Lusk, Christopher and Midgley, Jeremy J. and Navas, Marie Laure and Niinemets, Ülo and Oleksyn, Jacek and Osada, Horiyuki and Poorter, Hendrik and Pool, Pleter and Prior, Lynda and Pyankov, Vladimir I. and Roumet, Catherine and Thomas, Sean C. and Tjoelker, Mark G. and Veneklaas, Erik J. and Villar, Rafael},
  date = {2004},
  journaltitle = {Nature},
  volume = {428},
  number = {6985},
  eprint = {15103368},
  eprinttype = {pmid},
  pages = {821--827},
  issn = {00280836},
  doi = {10.1038/nature02403},
  url = {http://www.nature.com/doifinder/10.1038/nature02403},
  isbn = {0028-0836}
}

@article{Wright2005,
  title = {Modulation of Leaf Economic Traits and Trait Relationships by Climate},
  author = {Wright, Ian J. and Reich, Peter B. and Cornelissen, Johannes H C and Falster, Daniel S. and Groom, Philip K. and Hikosaka, Kouki and Lee, William and Lusk, Christopher H. and Niinemets, Ülo and Oleksyn, Jacek and Osada, Noriyuki and Poorter, Hendrik and Warton, David I. and Westoby, Mark},
  date = {2005},
  journaltitle = {Global Ecology and Biogeography},
  volume = {14},
  number = {5},
  pages = {411--421},
  publisher = {{Wiley Online Library}},
  issn = {1466822X},
  doi = {10.1111/j.1466-822x.2005.00172.x},
  url = {http://dx.doi.org/10.1111/j.1466-822x.2005.00172.x},
  isbn = {1466-822X(print); 1466-8328(electronic)},
  keywords = {Irradiance,Leaf life span,Leaf mass per area,Nitrogen,Photosynthesis,Plant strategies,Rainfall,Temperature}
}

@article{Wullschleger2014,
  title = {Plant Functional Types in {{Earth}} System Models: {{Past}} Experiences and Future Directions for Application of Dynamic Vegetation Models in High-Latitude Ecosystems},
  author = {Wullschleger, Stan D. and Epstein, Howard E. and Box, Elgene O. and Euskirchen, Eugénie S. and Goswami, Santonu and Iversen, Colleen M. and Kattge, Jens and Norby, Richard J. and Van Bodegom, Peter M. and Xu, Xiaofeng},
  date = {2014-06},
  journaltitle = {Annals of Botany},
  volume = {114},
  number = {1},
  eprint = {24793697},
  eprinttype = {pmid},
  pages = {1--16},
  issn = {10958290},
  doi = {10.1093/aob/mcu077},
  url = {http://aob.oxfordjournals.org/cgi/doi/10.1093/aob/mcu077},
  isbn = {1095-8290 (Electronic)\textbackslash r0305-7364 (Linking)},
  keywords = {Arctic tundra,biogeography,dynamic vegetation models,Earth system model,ESM,global change,high-latitude ecosystem,PFT,Plant functional types,plant traits}
}

@article{Wurth2005,
  title = {Non-Structural Carbohydrate Pools in a Tropical Forest},
  author = {Würth, Mirjam K.R. and Peláez-Riedl, Susanna and Wright, S. Joseph and Körner, Christian},
  date = {2005-12},
  journaltitle = {Oecologia},
  volume = {143},
  number = {1},
  eprint = {15578227},
  eprinttype = {pmid},
  pages = {11--24},
  issn = {00298549},
  doi = {10.1007/s00442-004-1773-2},
  url = {http://link.springer.com/10.1007/s00442-004-1773-2},
  isbn = {0044200417732},
  keywords = {Biodiversity,Carbon balance,Global change,Seasonality,Wood reserves}
}

@article{Xu2017,
  title = {Variations of Leaf Longevity in Tropical Moist Forests Predicted by a Trait-Driven Carbon Optimality Model},
  author = {Xu, Xiangtao and Medvigy, David and Joseph Wright, Stuart and Kitajima, Kaoru and Wu, Jin and Albert, Loren P. and Martins, Giordane A. and Saleska, Scott R. and Pacala, Stephen W.},
  date = {2017},
  journaltitle = {Ecology Letters},
  volume = {20},
  number = {9},
  eprint = {28677343},
  eprinttype = {pmid},
  pages = {1097--1106},
  publisher = {{Wiley Online Library}},
  issn = {14610248},
  doi = {10.1111/ele.12804},
  url = {http://dx.doi.org/10.1111/ele.12804},
  keywords = {Carbon optimisation,functional trait,leaf ageing,leaf economics spectrum,leaf longevity,modelling,photosynthesis}
}
